@article{zukerDp,
  title={Optimal computer folding of large {RNA} sequences using thermodynamics and auxiliary information},
  author={Zuker, Michael and Stiegler, Patrick},
  journal={Nucleic acids research},
  volume={9},
  number={1},
  pages={133--148},
  year={1981},
  publisher={Oxford Univ Press}
}
@article{t99,
  title={Expanded sequence dependence of thermodynamic parameters improves prediction of {RNA} secondary structure},
  author={Mathews, David H and Sabina, Jeffrey and Zuker, Michael and Turner, Douglas H},
  journal={Journal of molecular biology},
  volume={288},
  number={5},
  pages={911--940},
  year={1999},
  publisher={Elsevier}
}
@article{tPartition,
  title={Using an {RNA} secondary structure partition function to determine confidence in base pairs predicted by free energy minimization},
  author={Mathews, David H},
  journal={Rna},
  volume={10},
  number={8},
  pages={1178--1190},
  year={2004},
  publisher={Cold Spring Harbor Lab}
}
@article{t04,
  title={Incorporating chemical modification constraints into a dynamic programming algorithm for prediction of {RNA} secondary structure},
  author={Mathews, David H and Disney, Matthew D and Childs, Jessica L and Schroeder, Susan J and Zuker, Michael and Turner, Douglas H},
  journal={Proceedings of the National Academy of Sciences of the United States of America},
  volume={101},
  number={19},
  pages={7287--7292},
  year={2004},
  publisher={National Acad Sciences}
}
@incollection{willSparseFolding,
  title={Sparse {RNA} folding revisited: space-efficient minimum free energy prediction},
  author={Will, Sebastian and Jabbari, Hosna},
  booktitle={Algorithms in Bioinformatics},
  pages={257--270},
  year={2015},
  publisher={Springer}
}
@article{eppsteinSpeedingUpDp,
  title={Speeding up dynamic programming},
  author={Eppstein, David and Galil, Zvi and Giancarlo, Raffaele},
  year={1988},
  publisher={IEEE}
}
@article{backofenSparseFolding,
  title={Sparse {RNA} folding: Time and space efficient algorithms},
  author={Backofen, Rolf and Tsur, Dekel and Zakov, Shay and Ziv-Ukelson, Michal},
  journal={Journal of Discrete Algorithms},
  volume={9},
  number={1},
  pages={12--31},
  year={2011},
  publisher={Elsevier}
}
@article{rivasPseudoknot,
  title={A dynamic programming algorithm for {RNA} structure prediction including pseudoknots},
  author={Rivas, Elena and Eddy, Sean R},
  journal={Journal of molecular biology},
  volume={285},
  number={5},
  pages={2053--2068},
  year={1999},
  publisher={Elsevier}
}
@article{wuchtySuboptimal,
  title={Complete suboptimal folding of {RNA} and the stability of secondary structures},
  author={Wuchty, Stefan and Fontana, Walter and Hofacker, Ivo L and Schuster, Peter and others},
  journal={Biopolymers},
  volume={49},
  number={2},
  pages={145--165},
  year={1999}
}
@article{lyngsoOptimisation,
  title={An improved algorithm for {RNA} secondary structure prediction},
  author={Lyngs{\o}, Rune B and Zuker, Michael and Pedersen, Christian NS},
  journal={BRICS Report Series},
  volume={6},
  number={15},
  year={1999}
}
@article{lyngsoPseudoknot,
  title={{RNA} pseudoknot prediction in energy-based models},
  author={Lyngs{\o}, Rune B and Pedersen, Christian NS},
  journal={Journal of computational biology},
  volume={7},
  number={3-4},
  pages={409--427},
  year={2000},
  publisher={Mary Ann Liebert, Inc.}
}
@article{connRnaBackground,
  title={{RNA} structure},
  author={Conn, Graeme L and Draper, David E},
  journal={Current opinion in structural biology},
  volume={8},
  number={3},
  pages={278--285},
  year={1998},
  publisher={Elsevier}
}
@article{tNndb,
  title={{NNDB}: the nearest neighbor parameter database for predicting stability of nucleic acid secondary structure},
  author={Turner, Douglas H and Mathews, David H},
  journal={Nucleic acids research},
  pages={gkp892},
  year={2009},
  publisher={Oxford Univ Press}
}
@article{drepperMemory,
  title={What every programmer should know about memory},
  author={Drepper, Ulrich},
  journal={Red Hat, Inc},
  volume={11},
  pages={2007},
  year={2007}
}
@book{perrotThermodynamics,
  title={A to Z of Thermodynamics},
  author={Perrot, Pierre},
  year={1998},
  publisher={Oxford University Press on Demand}
}
@misc{anfinsenThermodynamicHypothesis,
  title={Studies on the principles that govern the folding of protein chains},
  author={Anfinsen, Christian B},
  year={1972}
}
@article{leiGpu,
  title={{CPU-GPU} hybrid accelerating the Zuker algorithm for {RNA} secondary structure prediction applications},
  author={Lei, Guoqing and Dou, Yong and Wan, Wen and Xia, Fei and Li, Rongchun and Ma, Meng and Zou, Dan},
  journal={BMC genomics},
  volume={13},
  number={1},
  pages={1},
  year={2012},
  publisher={BioMed Central}
}
@incollection{rizkGpu,
  title={{GPU} accelerated {RNA} folding algorithm},
  author={Rizk, Guillaume and Lavenier, Dominique},
  booktitle={Computational Science--ICCS 2009},
  pages={1004--1013},
  year={2009},
  publisher={Springer}
}
@article{tinocoHowRnaFolds,
  title={How {RNA} folds},
  author={Tinoco, Ignacio and Bustamante, Carlos},
  journal={Journal of molecular biology},
  volume={293},
  number={2},
  pages={271--281},
  year={1999},
  publisher={Elsevier}
}
@misc{viennarna,
  title={{ViennaRNA} Package 2.0},
  author={Lorenz, Ronny and Bernhart, Stephan H and Zu Siederdissen, Christian Hoener and Tafer, Hakim and Flamm, Christoph and Stadler, Peter F and Hofacker, Ivo L},
  journal={Algorithms for Molecular Biology},
  volume={6},
  number={1},
  pages={1},
  year={2011},
  publisher={BioMed Central}
}
@misc{rnastructure,
  title={{RNAstructure}: software for {RNA} secondary structure prediction and analysis},
  author={Reuter, Jessica S and Mathews, David H},
  journal={BMC bioinformatics},
  volume={11},
  number={1},
  pages={1},
  year={2010},
  publisher={BioMed Central}
}
@article{mfold,
  title={Mfold web server for nucleic acid folding and hybridization prediction},
  author={Zuker, Michael},
  journal={Nucleic acids research},
  volume={31},
  number={13},
  pages={3406--3415},
  year={2003},
  publisher={Oxford Univ Press}
}
@article{yaoSpeedingUpDp,
  title={Speed-up in dynamic programming},
  author={Yao, F Frances},
  journal={SIAM Journal on Algebraic Discrete Methods},
  volume={3},
  number={4},
  pages={532--540},
  year={1982},
  publisher={SIAM}
}
@article{aalbertsModel,
  title={A two-length-scale polymer theory for {RNA} loop free energies and helix stacking},
  author={Aalberts, Daniel P and Nandagopal, Nagarajan},
  journal={RNA},
  volume={16},
  number={7},
  pages={1350--1355},
  year={2010},
  publisher={Cold Spring Harbor Lab}
}
@article{tGpu,
  title={Accelerating calculations of {RNA} secondary structure partition functions using {GPUs}},
  author={Stern, Harry A and Mathews, David H},
  journal={Algorithms for Molecular Biology},
  volume={8},
  number={1},
  pages={1},
  year={2013},
  publisher={BioMed Central}
}
@article{mccaskillPartition,
  title={The equilibrium partition function and base pair binding probabilities for {RNA} secondary structure},
  author={McCaskill, John S},
  journal={Biopolymers},
  volume={29},
  number={6-7},
  pages={1105--1119},
  year={1990},
  publisher={Wiley Online Library}
}
@article{rivasCfg,
  title={The four ingredients of single-sequence {RNA} secondary structure prediction. A unifying perspective},
  author={Rivas, Elena},
  journal={RNA biology},
  volume={10},
  number={7},
  pages={1185--1196},
  year={2013},
  publisher={Taylor \& Francis}
}
@article{doContrafold,
  title={{CONTRAfold}: {RNA} secondary structure prediction without physics-based models},
  author={Do, Chuong B and Woods, Daniel A and Batzoglou, Serafim},
  journal={Bioinformatics},
  volume={22},
  number={14},
  pages={e90--e98},
  year={2006},
  publisher={Oxford Univ Press}
}
@article{unafold,
  title={UNAFold},
  author={Markham, Nicholas R and Zuker, Michael},
  journal={Bioinformatics: Structure, Function and Applications},
  pages={3--31},
  year={2008},
  publisher={Springer}
}
@article{nussinovDp,
  title={Fast algorithm for predicting the secondary structure of single-stranded {RNA}},
  author={Nussinov, Ruth and Jacobson, Ann B},
  journal={Proceedings of the National Academy of Sciences},
  volume={77},
  number={11},
  pages={6309--6313},
  year={1980},
  publisher={National Acad Sciences}
}
@misc{basicInfo,
  title = {Nucleic Acid},
  howpublished = {\url{https://dlc.dcccd.edu/biology1-3/nucleic-acid}},
  note = {Accessed: 25/04/2016}
}
@misc{viennaBroken,
  title = {{RNAFOLD}},
  howpublished = {\url{http://www.tbi.univie.ac.at/RNA/RNAfold.1.html}},
  note = {Accessed: 25/04/2016}
}
@article{andronescuModel,
  title={Efficient parameter estimation for {RNA} secondary structure prediction},
  author={Andronescu, Mirela and Condon, Anne and Hoos, Holger H and Mathews, David H and Murphy, Kevin P},
  journal={Bioinformatics},
  volume={23},
  number={13},
  pages={i19--i28},
  year={2007},
  publisher={Oxford Univ Press}
}
@article{zukerSuboptimal,
  title={On finding all suboptimal foldings of an {RNA} molecule},
  author={Zuker, Michael and others},
  journal={Science},
  volume={244},
  number={4900},
  pages={48--52},
  year={1989}
}
@article{watermanSuboptimal,
  title={A dynamic programming algorithm to find all solutions in a neighborhood of the optimum},
  author={Waterman, Michael S and Byers, Thomas H},
  journal={Mathematical Biosciences},
  volume={77},
  number={1},
  pages={179--188},
  year={1985},
  publisher={Elsevier}
}
@article{rnastrand,
  title={{RNA} {STRAND}: the {RNA} secondary structure and statistical analysis database},
  author={Andronescu, Mirela and Bereg, Vera and Hoos, Holger H and Condon, Anne},
  journal={BMC bioinformatics},
  volume={9},
  number={1},
  pages={1},
  year={2008},
  publisher={BioMed Central}
}
@article{rfam,
  title={Rfam 12.0: updates to the {RNA} families database},
  author={Nawrocki, Eric P and Burge, Sarah W and Bateman, Alex and Daub, Jennifer and Eberhardt, Ruth Y and Eddy, Sean R and Floden, Evan W and Gardner, Paul P and Jones, Thomas A and Tate, John and others},
  journal={Nucleic acids research},
  pages={gku1063},
  year={2014},
  publisher={Oxford Univ Press}
}
@article{pseudobase,
  title={{PseudoBase}: a database with {RNA} pseudoknots},
  author={Van Batenburg, FHD and Gultyaev, Alexander P and Pleij, CWA and Ng, J and Oliehoek, J},
  journal={Nucleic Acids Research},
  volume={28},
  number={1},
  pages={201--204},
  year={2000},
  publisher={Oxford Univ Press}
}
@article{pseudobase++,
  title={{PseudoBase++}: an extension of {PseudoBase} for easy searching, formatting and visualization of pseudoknots},
  author={Taufer, Michela and Licon, Abel and Araiza, Roberto and Mireles, David and Van Batenburg, FHD and Gultyaev, Alexander P and Leung, Ming-Ying},
  journal={Nucleic acids research},
  volume={37},
  number={suppl 1},
  pages={D127--D135},
  year={2009},
  publisher={Oxford Univ Press}
}
@misc{rnark,
  author        = {Graham, Max-Ward},
  howpublished  = {personal communication},
  year          = {2016}
}
@inproceedings{yaoQuadrangle,
  title={Efficient dynamic programming using quadrangle inequalities},
  author={Yao, F Frances},
  booktitle={Proceedings of the twelfth annual ACM symposium on Theory of computing},
  pages={429--435},
  year={1980},
  organization={ACM}
}
@article{fridFourRussians,
  title={A simple, practical and complete O-time Algorithm for {RNA} folding using the Four-Russians Speedup},
  author={Frid, Yelena and Gusfield, Dan},
  journal={Algorithms for Molecular Biology},
  volume={5},
  number={1},
  pages={1},
  year={2010},
  publisher={BioMed Central}
}
@misc{wardPersonal,
  author        = {Ward-Graham, Max},
  howpublished  = {personal communication},
  year          = {2016}
}
@article{walterCoaxial,
  title={Coaxial stacking of helixes enhances binding of oligoribonucleotides and improves predictions of {RNA} folding},
  author={Walter, Amy E and Turner, Douglas H and Kim, James and Lyttle, Matthew H and M{\"u}ller, Peter and Mathews, David H and Zuker, Michael},
  journal={Proceedings of the National Academy of Sciences},
  volume={91},
  number={20},
  pages={9218--9222},
  year={1994},
  publisher={National Acad Sciences}
}
@inproceedings{wexlerSparseFolding,
  title={A study of accessible motifs and rna folding complexity},
  author={Wexler, Ydo and Zilberstein, Chaya and Ziv-Ukelson, Michal},
  booktitle={Research in Computational Molecular Biology},
  pages={473--487},
  year={2006},
  organization={Springer Berlin Heidelberg}
}
@inproceedings{aggarwalMonotoneArrays,
  title={Notes on searching in multidimensional monotone arrays},
  author={Aggarwal, Alok and Park, James},
  booktitle={Foundations of Computer Science, 1988., 29th Annual Symposium on},
  pages={497--512},
  year={1988},
  organization={IEEE}
}
@article{larmoreInternalAckermann,
  title={On-line dynamic programming with applications to the prediction of {RNA} secondary structure},
  author={Larmore, Lawrence L and Schieber, Baruch},
  journal={Journal of Algorithms},
  volume={12},
  number={3},
  pages={490--515},
  year={1991},
  publisher={Elsevier}
}
@article{arlazaroFourRussians,
  title={ON ECONOMICAL CONSTRUCTION OF TRANSITIVE CLOSURE OF AN ORIENTED GRAPH},
  author={ARLAZARO. VL and DINITS, EA and Kronrod, MA and FARADZHE. IA},
  journal={Doklady Akademii Nauk SSSR},
  volume={194},
  number={3},
  pages={487},
  year={1970},
  publisher={MEZHDUNARODNAYA KNIGA 39 DIMITROVA UL., 113095 MOSCOW, RUSSIA}
}
@book{gusfieldAlgorithms,
  title={Algorithms on strings, trees and sequences: computer science and computational biology},
  author={Gusfield, Dan},
  year={1997},
  publisher={Cambridge university press}
}
@misc{mathewsLab,
  title = {Mathews lab webpage},
  author={Mathews, David},
  howpublished = {\url{http://rna.urmc.rochester.edu/}},
  note = {Accessed: 25/05/2016}
}
@misc{mathewsPersonal,
  author        = {David Mathews},
  howpublished  = {personal communication},
  year          = {2016}
}
@misc{rnark,
  author        = "Graham, Max-Ward",
  howpublished  = "personal communication",
  year          = "2016"
}
@misc{seaborn,
  title = {Seaborn: statistical data visualization},
  howpublished = {\url{https://stanford.edu/~mwaskom/software/seaborn/}},
  note = {Accessed: 20/05/2016}
}
@misc{scipy,
  title = {{SciPy}},
  howpublished = {\url{https://www.scipy.org/}},
  note = {Accessed: 20/05/2016}
}
@misc{statsmodels,
  title = {{StatsModels}},
  howpublished = {\url{http://statsmodels.sourceforge.net/stable/index.html}},
  note = {Accessed: 20/05/2016}
}
@article{stoneWuchty,
  title={A Parallel Implementation of the Wuchty Algorithm with Additional Experimental Filters to More Thoroughly Explore {RNA} Conformational Space},
  author={Stone, Jonathan W and Bleckley, Samuel and Lavelle, Sean and Schroeder, Susan J},
  journal={PloS one},
  volume={10},
  number={2},
  pages={e0117217},
  year={2015},
  publisher={Public Library of Science}
}
@article{sleatorSplay,
  title={Self-adjusting binary search trees},
  author={Sleator, Daniel Dominic and Tarjan, Robert Endre},
  journal={Journal of the ACM (JACM)},
  volume={32},
  number={3},
  pages={652--686},
  year={1985},
  publisher={ACM}
}
@incollection{mathewsLonely,
  title={An updated recursive algorithm for {RNA} secondary structure prediction with improved thermodynamic parameters},
  author={Mathews, David H and Andre, Troy C and Kim, James and Turner, Douglas H and Zuker, Michael},
  year={1998}
}
@misc{sjsVienna,
  title = {SJS Lab - Software},
  howpublished = {\url{http://adenosine.chem.ou.edu/software.html}},
  note = {Accessed: 5/10/2016}
}
@misc{afl,
  title={American fuzzy lop},
  author={Zalewski, Michal},
  howpublished = {\url{http://lcamtuf.coredump.cx/afl/}},
  note = {Accessed: 5/10/2016}
}
@misc{ocperf,
  title = {pmu-tools},
  howpublished = {\url{https://github.com/andikleen/pmu-tools/}},
  note = {Accessed: 25/04/2016}
}
@article{tinocoImprovedModel,
  title={Improved estimation of secondary structure in ribonucleic acids},
  author={Tinoco, Ignacio and Borer, Philip N and Dengler, Barbara and Levine, Mark D and Uhlenbeck, Olke C and Crothers, Donald M and Gralla, Jay},
  journal={Nature},
  volume={246},
  number={150},
  pages={40--41},
  year={1973},
  publisher={Nature Publishing Group}
}
@article{sankoff,
  title={Simultaneous solution of the {RNA} folding, alignment and protosequence problems},
  author={Sankoff, David},
  journal={SIAM Journal on Applied Mathematics},
  volume={45},
  number={5},
  pages={810--825},
  year={1985},
  publisher={SIAM}
}
@article{zukerSankoff,
  title={{RNA} secondary structures and their prediction},
  author={Zuker, Michael and Sankoff, David},
  journal={Bulletin of mathematical biology},
  volume={46},
  number={4},
  pages={591--621},
  year={1984},
  publisher={Springer}
}
@article{studnickaDp,
  title={Computer method for predicting the secondary structure of single-stranded {RNA}},
  author={Studnicka, Gary M and Rahn, Georgia M and Cummings, Ian W and Salser, Winston A},
  journal={Nucleic Acids Research},
  volume={5},
  number={9},
  pages={3365--3388},
  year={1978},
  publisher={Oxford Univ Press}
}
@inproceedings{salser,
  title={Globin {mRNA} sequences: analysis of base pairing and evolutionary implications},
  author={Salser, W},
  booktitle={Cold Spring Harbor symposia on quantitative biology},
  volume={42},
  pages={985--1002},
  year={1978},
  organization={Cold Spring Harbor Laboratory Press}
}
@article{mpfr,
 author = {Fousse, Laurent and Hanrot, Guillaume and Lef\`{e}vre, Vincent and P{\'e}lissier, Patrick and Zimmermann, Paul},
 title = {{MPFR}: A Multiple-precision Binary Floating-point Library with Correct Rounding},
 journal = {ACM Trans. Math. Softw.},
 issue_date = {June 2007},
 volume = {33},
 number = {2},
 month = jun,
 year = {2007},
 issn = {0098-3500},
 articleno = {13},
 url = {http://doi.acm.org/10.1145/1236463.1236468},
 doi = {10.1145/1236463.1236468},
 acmid = {1236468},
 publisher = {ACM},
 address = {New York, NY, USA},
 keywords = {IEEE 754 standard, Multiple-precision arithmetic, correct rounding, elementary function, floating-point arithmetic, portable software},
}
@article{sankoffKruskal,
  title={Time warps, string edits, and macromolecules: the theory and practice of sequence comparison},
  author={Sankoff, David and Kruskal, Joseph B},
  journal={Reading: Addison-Wesley Publication, 1983, edited by Sankoff, David; Kruskal, Joseph B.},
  volume={1},
  year={1983}
}
@phdthesis{mainville,
  title={Comparaisons et auto-comparaisons de cha{\^\i}nes finies},
  author={Mainville, Sylvie},
  year={1981}
}
@article{comparative,
  title={The {RNA} World},
  author={Gesteland, Raymond and Atkins, J},
  year={1993},
  publisher={Cold Spring Harbor Laboratory Press}
}